@article{ortega2016,
  title={PReFerSim: Fast simulation of demography and selection under the Poisson Random Field model},
  author={Ortega-Del Vecchyo, Diego and Marsden, Clare D and Lohmueller, Kirk E},
  journal={Bioinformatics},
  pages={btw478},
  year={2016},
  publisher={Oxford Univ Press}
}

@article{gutenkunst2009,
  title={Inferring the joint demographic history of multiple populations from multidimensional SNP frequency data},
  author={Gutenkunst, Ryan N and Hernandez, Ryan D and Williamson, Scott H and Bustamante, Carlos D},
  journal={PLoS Genet},
  volume={5},
  number={10},
  pages={e1000695},
  year={2009},
  publisher={Public Library of Science}
}

@article{haller2016,
  title={SLiM 2: Flexible, interactive forward genetic simulations},
  author={Haller, Benjamin C and Messer, Philipp W},
  journal={Molecular Biology and Evolution},
  pages={msw211},
  year={2016},
  publisher={SMBE}
}

